@article{Casas:2016asi,
  author        = "Casas, Fernando and D'Olivo, Juan Carlos and Oteo, Jose
                    Angel",
  title         = "{Efficient numerical integration of neutrino oscillations in matter}",
  journal       = "Phys. Rev. D",
  volume        = "94",
  year          = "2016",
  number        = "11",
  pages         = "113008",
  doi           = "10.1103/PhysRevD.94.113008",
  eprint        = "1611.06814",
  archivePrefix = "arXiv",
  primaryClass  = "physics.comp-ph",
  SLACcitation  = "%%CITATION = ARXIV:1611.06814;%%"
}

@thesis{Shaydurova:2019,
  author = "Шайдурова, Арина Владимировна",
  title = "{Использование разложения Магнуса для численного решения уравнений осцилляций нейтрино в среде}",
  type = {bathesis},
  media = {text},
  science = {фунд. физ.},
  speciality = {03.03.02},
  date = {2019},
  pagetotal = {52},
  langid = {russian}
}